<record><leader>00000cas a22000007a 4500</leader><controlfield tag="001">18783772</controlfield><controlfield tag="008">881118d18841888tnuwr ne      0    0eng d</controlfield><datafield ind1=" " ind2=" " tag="010"><subfield code="a">sn 97065232 </subfield></datafield><datafield ind1=" " ind2=" " tag="040"><subfield code="a">TKN</subfield><subfield code="b">eng</subfield><subfield code="c">TKN</subfield><subfield code="d">TGN</subfield><subfield code="d">OCLCQ</subfield><subfield code="d">OCLCF</subfield><subfield code="d">OCLCO</subfield></datafield><datafield ind1="1" ind2=" " tag="029"><subfield code="a">AU@</subfield><subfield code="b">000013613163</subfield></datafield><datafield ind1=" " ind2=" " tag="042"><subfield code="a">msc</subfield></datafield><datafield ind1=" " ind2=" " tag="043"><subfield code="a">n-us-tn</subfield></datafield><datafield ind1=" " ind2=" " tag="090"><subfield code="a">AN48.W4</subfield><subfield code="b">H8</subfield></datafield><datafield ind1="0" ind2="0" tag="245"><subfield code="a">Humphreys County news.</subfield></datafield><datafield ind1=" " ind2=" " tag="260"><subfield code="a">Waverly, Tenn. :</subfield><subfield code="b">Henry G. Driver</subfield></datafield><datafield ind1=" " ind2=" " tag="300"><subfield code="a">v. :</subfield><subfield code="b">ill. ;</subfield><subfield code="c">66 x 50 cm.</subfield></datafield><datafield ind1=" " ind2=" " tag="310"><subfield code="a">Weekly</subfield></datafield><datafield ind1="1" ind2=" " tag="362"><subfield code="a">Began in 1884 ; ceased in 1888?</subfield></datafield><datafield ind1=" " ind2=" " tag="500"><subfield code="a">Publishers: Henry G. Driver, &lt;1885&gt;; John &amp; H.G. Driver, &lt;1887&gt;</subfield></datafield><datafield ind1=" " ind2=" " tag="500"><subfield code="a">Editor: Travis Davidson, &lt;1886&gt;</subfield></datafield><datafield ind1=" " ind2=" " tag="588"><subfield code="a">Description based on: Vol. 1, no. 19 (Jan. 2, 1885).</subfield></datafield><datafield ind1=" " ind2="0" tag="651"><subfield code="a">Waverly (Tenn.)</subfield><subfield code="v">Newspapers.</subfield></datafield><datafield ind1=" " ind2="0" tag="651"><subfield code="a">Humphreys County (Tenn.)</subfield><subfield code="v">Newspapers.</subfield></datafield><datafield ind1=" " ind2="7" tag="655"><subfield code="a">Newspapers.</subfield><subfield code="2">fast</subfield><subfield code="0">(OCoLC)fst01423814</subfield></datafield><datafield ind1=" " ind2="7" tag="651"><subfield code="a">Tennessee</subfield><subfield code="z">Humphreys County.</subfield><subfield code="2">fast</subfield><subfield code="0">(OCoLC)fst01208896</subfield></datafield><datafield ind1=" " ind2="7" tag="651"><subfield code="a">Tennessee</subfield><subfield code="z">Waverly.</subfield><subfield code="2">fast</subfield><subfield code="0">(OCoLC)fst01224276</subfield></datafield><datafield ind1="1" ind2=" " tag="700"><subfield code="a">Driver, Henry G.</subfield></datafield><datafield ind1=" " ind2=" " tag="752"><subfield code="a">United States</subfield><subfield code="b">Tennessee</subfield><subfield code="c">Humphreys</subfield><subfield code="d">Waverly.</subfield></datafield></record>